





%\twocolumngrid
% \Floatbarrier

\begin{thebibliography}{23}%
\makeatletter
\providecommand \@ifxundefined [1]{%
 \@ifx{#1\undefined}
}%
\providecommand \@ifnum [1]{%
 \ifnum #1\expandafter \@firstoftwo
 \else \expandafter \@secondoftwo
 \fi
}%
\providecommand \@ifx [1]{%
 \ifx #1\expandafter \@firstoftwo
 \else \expandafter \@secondoftwo
 \fi
}%
\providecommand \natexlab [1]{#1}%
\providecommand \enquote  [1]{``#1''}%
\providecommand \bibnamefont  [1]{#1}%
\providecommand \bibfnamefont [1]{#1}%
\providecommand \citenamefont [1]{#1}%
\providecommand \href@noop [0]{\@secondoftwo}%
\providecommand \href [0]{\begingroup \@sanitize@url \@href}%
\providecommand \@href[1]{\@@startlink{#1}\@@href}%
\providecommand \@@href[1]{\endgroup#1\@@endlink}%
\providecommand \@sanitize@url [0]{\catcode `\\12\catcode `\$12\catcode
  `\&12\catcode `\#12\catcode `\^12\catcode `\_12\catcode `\%12\relax}%
\providecommand \@@startlink[1]{}%
\providecommand \@@endlink[0]{}%
\providecommand \url  [0]{\begingroup\@sanitize@url \@url }%
\providecommand \@url [1]{\endgroup\@href {#1}{\urlprefix }}%
\providecommand \urlprefix  [0]{URL }%
\providecommand \Eprint [0]{\href }%
\providecommand \doibase [0]{http://dx.doi.org/}%
\providecommand \selectlanguage [0]{\@gobble}%
\providecommand \bibinfo  [0]{\@secondoftwo}%
\providecommand \bibfield  [0]{\@secondoftwo}%
\providecommand \translation [1]{[#1]}%
\providecommand \BibitemOpen [0]{}%
\providecommand \bibitemStop [0]{}%
\providecommand \bibitemNoStop [0]{.\EOS\space}%
\providecommand \EOS [0]{\spacefactor3000\relax}%
\providecommand \BibitemShut  [1]{\csname bibitem#1\endcsname}%
\let\auto@bib@innerbib\@empty
%</preamble>
\bibitem{Karamlou2020}
A. H. Karamlou, W. A. Simon, Amara Katabarwa, T. L. Scholten, B. Peropadre, and Y. Cao, ``\textit{Analyzing the Performance of Variational Quantum Factoring on a Superconducting Quantum Processor}", \href{https://arxiv.org/pdf/2012.07825.pdf}{arXiv:2012.07825 [quant-ph]}
\bibitem{Erhard2019}
A. Erhard, J. J. Wallman, L. Postler, M. Meth, R. Stricker, E. A. Martinez, P. Schindler, T. Monz, J. Emerson, and R. Blatt, ``\textit{Characterizing large-scale quantum computers via
cycle benchmarking}‚Äù, \href{https://www.nature.com/articles/s41467-019-13068-7}{Nature Communications {\bf{10}}, 5347 (2019)}.
\bibitem{QCircuit}
B. Eastin, and S. T. Flammia, ``{\textit{Q-circuit Tutorial}}", \href{https://arxiv.org/abs/quant-ph/0406003}{arXiv:quant-ph/0406003v2 (2004)}.
\bibitem{Gustafson2019}
Erik Gustafson, Y. Meurice, and Judah Unmuth-Yockey, ``\textit{Quantum simulation of scattering in the quantum Ising model}", \href{https://journals.aps.org/prd/pdf/10.1103/PhysRevD.99.094503}{Physical Review D 99, 094503 (2019)]}.
\bibitem{Gustafson2020}.
Erik Gustafson, Patrick Dreher, Zheyue Hang1, and Yannick Meurice, ``\textit{Benchmarking Quantum Computers for real-time evolution of a (1+1) field theory with error mitigation}", \href{https://arxiv.org/pdf/1910.09478.pdf}{arXiv:1910.09478v3 [hep-lat]}.
\end{thebibliography}%